<record><leader>00000cas a22000007a 4500</leader><controlfield tag="001">21015483</controlfield><controlfield tag="008">900207d19361958ohuwr ne      0    0eng d</controlfield><datafield ind1=" " ind2=" " tag="010"><subfield code="a">sn 90068131 </subfield></datafield><datafield ind1=" " ind2=" " tag="040"><subfield code="a">ONP</subfield><subfield code="b">eng</subfield><subfield code="c">ONP</subfield><subfield code="d">OCLCQ</subfield></datafield><datafield ind1=" " ind2=" " tag="042"><subfield code="a">msc</subfield></datafield><datafield ind1="0" ind2=" " tag="130"><subfield code="a">Mercer County chronicle (Coldwater, Ohio : 1936)</subfield></datafield><datafield ind1="1" ind2="4" tag="245"><subfield code="a">The Mercer County chronicle.</subfield></datafield><datafield ind1=" " ind2=" " tag="260"><subfield code="a">Coldwater, Ohio :</subfield><subfield code="b">Coldwater Chronicle,</subfield><subfield code="c">1936-1958.</subfield></datafield><datafield ind1=" " ind2=" " tag="300"><subfield code="a">v.</subfield></datafield><datafield ind1=" " ind2=" " tag="310"><subfield code="a">Weekly</subfield></datafield><datafield ind1="0" ind2=" " tag="362"><subfield code="a">Vol. 35, no. 13 (June 19, 1936)-v. 60, no. 25 (Sept. 11, 1958).</subfield></datafield><datafield ind1=" " ind2=" " tag="752"><subfield code="a">United States</subfield><subfield code="b">Ohio</subfield><subfield code="c">Mercer</subfield><subfield code="d">Coldwater.</subfield></datafield><datafield ind1="0" ind2="0" tag="780"><subfield code="t">Mercer County chronicle and the Coldwater chronicle</subfield><subfield code="w">(DLC)sn 90068128</subfield></datafield><datafield ind1="0" ind2="0" tag="785"><subfield code="t">Mercer County chronicle-journal</subfield><subfield code="w">(DLC)sn 88077075</subfield></datafield></record>